@article{lapierre2019novo,
  title={De novo Nanopore read quality improvement using deep learning},
  author={LaPierre, Nathan and Egan, Rob and Wang, Wei and Wang, Zhong},
  journal={BMC bioinformatics},
  volume={20},
  number={1},
  pages={552},
  year={2019},
  publisher={Springer}
}